@book{dummyBook,
title    = "The great and imaginary book of LaTeX templates",
author   = "A smart guy",
year     = "2020"
}

@article{dummyArticle,
title    = "How you can use a thesis template?",
journal  = "Non-real journal",
volume   = "1",
number   = "1",
pages    = "1-20",
year     = "2020",
author   = "Angel Auñón",
URL      = "https://github.com/victor-aunon/Thesis-template"
}
